
@book{Smith1997,
	author = {Smith, Steven W.},
	isbn = {0966017633},
	pages = {626},
	publisher = {California Technical Pub},
	title = {{The scientist and engineer's guide to digital signal processing}},
	url = {http://www.dspguide.com/pdfbook.htm},
	year = {1997}
}

@book{Orfanidis1996,
	author = {Orfanidis, Sophocles J.},
	isbn = {0132091720},
	pages = {798},
	publisher = {Prentice Hall},
	title = {{Introduction to signal processing}},
	year = {1996},
	url={https://www.ece.rutgers.edu/~orfanidi/intro2sp/}
}

@article{Wyndrum1965,
	author = {Wyndrum, R.W.},
	doi = {10.1109/PROC.1965.4048},
	issn = {0018-9219},
	journal = {Proceedings of the IEEE},
	number = {7},
	pages = {766--766},
	title = {{Microwave filters, impedance-matching networks, and coupling structures}},
	url = {http://ieeexplore.ieee.org/document/1445978/},
	volume = {53},
	year = {1965}
}

@ARTICLE{Dai2010, 
	author={Y. {Dai} and J. {Yao}}, 
	journal={IEEE Transactions on Microwave Theory and Techniques}, 
	title={Nonuniformly Spaced Photonic Microwave Delay-Line Filters and Applications}, 
	year={2010}, 
	volume={58}, 
	number={11}, 
	pages={3279-3289}, 
	ISSN={}, 
	month={Nov},}
